%%
%% WinShell 3.3.2.6
%% http://www.winshell.org/
%%

% Strings


% Preamble


% BibTeX Entries
@article{article_key,
 address              = {City},
 author               = {Smith, James},
 month                = {March},
 number               = {6},
 pages                = {1--8},
 publisher            = {Publisher},
 title                = {Article title},
 volume               = {14},
 year                 = {2013},
 }

@book{book_key,
 address              = {City},
 author               = {Smith, John},
 edition              = {1},
 month                = {January},
 pages                = {123--200},
 publisher            = {Publisher},
 series               = {2},
 title                = {Book title},
 volume               = {3},
 year                 = {2012},
 }
